@article{avritzer2020scalability,
  title     = {Scalability assessment of microservice architecture deployment configurations: A domain-based approach leveraging operational profiles and load tests},
  author    = {Avritzer, Alberto and Ferme, Vincenzo and Janes, Andrea and Russo, Barbara and van Hoorn, Andr{\'e} and Schulz, Henning and Menasch{\'e}, Daniel and Rufino, Vilc},
  journal   = {Journal of Systems and Software},
  volume    = {165},
  pages     = {110564},
  year      = {2020},
  publisher = {Elsevier}
}

@article{trubiani2018exploiting,
  title={Exploiting load testing and profiling for performance antipattern detection},
  author={Trubiani, Catia and Bran, Alexander and van Hoorn, Andr{\'e} and Avritzer, Alberto and Knoche, Holger},
  journal={Information and Software Technology},
  volume={95},
  pages={329--345},
  year={2018},
  publisher={Elsevier}
}

@inproceedings{davatz2017approach,
  title={An approach and case study of cloud instance type selection for multi-tier web applications},
  author={Davatz, Christian and Inzinger, Christian and Scheuner, Joel and Leitner, Philipp},
  booktitle={2017 17th IEEE/ACM International Symposium on Cluster, Cloud and Grid Computing (CCGRID)},
  pages={534--543},
  year={2017},
  organization={IEEE}
}

@article{preuveneers2016systematic,
  title={Systematic scalability assessment for feature oriented multi-tenant services},
  author={Preuveneers, Davy and Heyman, Thomas and Berbers, Yolande and Joosen, Wouter},
  journal={Journal of Systems and Software},
  volume={116},
  pages={162--176},
  year={2016},
  publisher={Elsevier}
}

@inproceedings{heorhiadi2016gremlin,
  title={Gremlin: Systematic resilience testing of microservices},
  author={Heorhiadi, Victor and Rajagopalan, Shriram and Jamjoom, Hani and Reiter, Michael K and Sekar, Vyas},
  booktitle={2016 IEEE 36th International Conference on Distributed Computing Systems (ICDCS)},
  pages={57--66},
  year={2016},
  organization={IEEE}
}

@inproceedings{gunawi2016does,
  title     = {Why does the cloud stop computing? lessons from hundreds of service outages},
  author    = {Gunawi, Haryadi S and Hao, Mingzhe and Suminto, Riza O and Laksono, Agung and Satria, Anang D and Adityatama, Jeffry and Eliazar, Kurnia J},
  booktitle = {Proceedings of the Seventh ACM Symposium on Cloud Computing},
  pages     = {1--16},
  year      = {2016}
}

 @misc{outage,
  title   = {Signal Service outage on 2021-01-15},
  url     = {https://community.signalusers.org/t/signal-service-outage-on-2021-01-15/22941/334},
  journal = {Signal Community},
  author  = {Svazzoler and n0sign4l-official and Ippefre and shellSignal and u32i64 and Justlurking and Lungtas and Javier and MC_TV            (MC TV) and Leptopoda and et al.},
  year    = {2021},
  month   = {Jan}
}

 @misc{github,
  title   = {Signal},
  url     = {https://github.com/signalapp},
  journal = {GitHub}
} 

 @misc{mehner_2021,
  title     = {WhatsApp, WeChat and Facebook Messenger apps - global usage of messaging apps, penetration and statistics},
  url       = {https://www.messengerpeople.com/global-messenger-usage-statistics/},
  journal   = {MessengerPeople by Sinch},
  publisher = {MessengerPeople by Sinch},
  author    = {Mehner, Matthias},
  year      = {2021},
  month     = {Nov}
}

 @misc{read_2021,
  title   = {What I've learned from Signal Server source code},
  url     = {https://softwaremill.com/what-ive-learned-from-signal-server-source-code/},
  journal = {SoftwareMill},
  author  = {Michał Matłoka},
  year    = {2021},
  month   = {Apr}
} 

 @misc{woodard_2021,
  title   = {Secure Messenger Service Signal is down},
  url     = {https://screenrant.com/signal-down-secure-messenger-service-outage-explained/},
  journal = {ScreenRant},
  author  = {Woodard, Nick},
  year    = {2021},
  month   = {Jan}
}

 @misc{cocorada_2018,
  title   = {Signal Messanger Architecture},
  url     = {https://sorincocorada.ro/signal-messanger-architecture/},
  journal = {IT Security Operations},
  author  = {Cocorada, Sorin},
  year    = {2018},
  month   = {Jun}
} 

 @misc{apache_jmeter,
  title   = {Apache JMeter™},
  url     = {http://jmeter.apache.org/},
  journal = {Apache JMeter - Apache JMeter™}
}

 @misc{dubey_2019,
  title     = {Redis load testing},
  url       = {https://iamabhishek-dubey.medium.com/redis-load-testing-d99f81e97842},
  journal   = {Medium},
  publisher = {Medium},
  author    = {Dubey, Abhishek},
  year      = {2019},
  month     = {May}
} 

 @misc{aten_2021,
  title     = {How signal became the most popular app in the world overnight, and why it matters},
  url       = {https://www.inc.com/jason-aten/how-signal-became-most-popular-app-in-world-overnight-why-it-matters.html},
  journal   = {Inc.com},
  publisher = {Inc.},
  author    = {Aten, Jason},
  year      = {2021},
  month     = {Jan}
} 

 @misc{eventuate_2021,
  title   = {Introduction to microservices},
  url     = {https://www.nginx.com/blog/introduction-to-microservices/},
  journal = {NGINX},
  author  = {Eventuate, Chris Richardson of},
  year    = {2021},
  month   = {Aug}
} 

 @misc{signal_cds,
  title   = {Technology preview: Private contact discovery for Signal},
  url     = {https://signal.org/blog/private-contact-discovery/},
  journal = {Signal Messenger}
} 

 @misc{king_dobner_2019,
  title     = {Distributed Load Testing on AWS},
  url       = {https://aws.amazon.com/it/solutions/implementations/distributed-load-testing-on-aws/},
  journal   = {Amazon},
  publisher = {Sperling &amp; Kupfer},
  author    = {King, Stephen and Dobner, Tullio},
  year      = {2019}
} 

 @misc{wikipedia_2021,
  title     = {Open whisper systems},
  url       = {https://en.wikipedia.org/wiki/Open_Whisper_Systems},
  journal   = {Wikipedia},
  publisher = {Wikimedia Foundation},
  year      = {2021},
  month     = {Nov}
} 

@misc{vardanega:slides,
    author = {Vardanega, Tullio},
    title = {Runtimes for concurrency and distribution},
    date = {2021},
    hyphenation = {english}
 }